@inproceedings{dataexploration,
 author = {Idreos, Stratos and Papaemmanouil, Olga and others},
 title = {{Overview of Data Exploration Techniques}},
 booktitle = {SIGMOD},
 year = {2015}
} 

@article{db,
year = {2007},
journal = {Foundations and Trends® in Databases},
title = {Architecture of a Database System},
author = {Joseph M. Hellerstein and Michael Stonebraker and James Hamilton}
}

@article{summarydb,
 author = {Yang, Xiaoyan and Procopiuc, Cecilia M. and others},
 title = {{Summarizing Relational Databases}},
 journal = {VLDB},
 year = {2009}
} 

@article{diversifydb,
 author = {Wang, Yue and Meliou, Alexandra and others},
 title = {{RC-index: Diversifying Answers to Range Queries}},
 journal = {VLDB},
 year = {2018}
} 

@incollection{skipgram,
title = {{Distributed Representations of Words and Phrases and their
Compositionality}},
author = {Mikolov, Tomas and Sutskever, Ilya and others},
booktitle = {NIPS},
year = {2013}
}

@inproceedings{tsne,
  title={{Visualizing Data using t-SNE}},
  author={Laurens van der Maaten and Geoffrey E. Hinton},
  year={2008}
}

@inproceedings{Agrawal:2006,
 author = {Agrawal, Rakesh and Rantzau, Ralf and Terzi, Evimaria},
 title = {Context-sensitive Ranking},
 booktitle = {SIGMOD},
 year = {2006},
 isbn = {1-59593-434-0},
 location = {Chicago, IL, USA},
 pages = {383--394},
 numpages = {12},
}

@inproceedings{contractionhierarchies,
 author = {Geisberger, Robert and Sanders, Peter and Schultes, Dominik and Delling, Daniel},
 title = {Contraction Hierarchies: Faster and Simpler Hierarchical Routing in Road Networks},
 booktitle = {Proceedings of the 7th International Conference on Experimental Algorithms},
 series = {WEA'08},
 year = {2008},
 isbn = {3-540-68548-0, 978-3-540-68548-7},
 location = {Provincetown, MA, USA},
 pages = {319--333},
 numpages = {15},
 url = {http://dl.acm.org/citation.cfm?id=1788888.1788912},
 acmid = {1788912},
 publisher = {Springer-Verlag},
 address = {Berlin, Heidelberg},
}

@Inbook{agglomerative-clustering,
author="Murtagh, Fionn",
editor="Abello, James
and Pardalos, Panos M.
and Resende, Mauricio G. C.",
title="Clustering in Massive Data Sets",
bookTitle="Handbook of Massive Data Sets",
year="2002",
publisher="Springer US",
address="Boston, MA",
pages="501--543",
isbn="978-1-4615-0005-6",
doi="10.1007/978-1-4615-0005-6_14",
url="http://dx.doi.org/10.1007/978-1-4615-0005-6_14"
}

@ARTICLE{lsa,
    author = {Scott Deerwester and Susan T. Dumais and George W. Furnas and Thomas K. Landauer and Richard Harshman},
    title = {Indexing by latent semantic analysis},
    journal = {JOURNAL OF THE AMERICAN SOCIETY FOR INFORMATION SCIENCE},
    year = {1990},
    volume = {41},
    number = {6},
    pages = {391--407}
}

@Article{Simitsis2008,
author="Simitsis, Alkis
and Koutrika, Georgia
and Ioannidis, Yannis",
title="Pr{\'e}cis: from unstructured keywords as queries to structured databases as answers",
journal="VLDBJ",
year="2008",
volume="17",
number="1",
pages="117--149",
}

@article{toughstuff,
 author = {Mukherjee, Rajat and Mao, Jianchang},
 title = {{Enterprise Search: Tough Stuff}},
 journal = {Queue},
 issue_date = {April 2004},
 volume = {2},
 number = {2},
 month = apr,
 year = {2004},
 issn = {1542-7730},
 pages = {36--46},
 numpages = {11},
 url = {http://doi.acm.org/10.1145/988392.988406},
 doi = {10.1145/988392.988406},
 acmid = {988406},
 publisher = {ACM},
 address = {New York, NY, USA},
}

@misc{bworld,
  author = {LinkedIn},
  title = {{WhereHows: A Data Discovery and Lineage Portal}},
  howpublished =
"\url{https://engineering.linkedin.com/blog/2016/03/open-sourcing-wherehows--a-data-discovery-and-lineage-portal}",
  year = {2016}, 
  note = "[Online; accessed 25-October-2016]"
}

@misc{cas,
  author = {CAS},
  title = {{CAS REGISTRY - The gold standard for chemical substance informationl}},
  howpublished =
"\url{https://www.cas.org/content/chemical-substances}",
  year = {2016}, 
  note = "[Online; accessed 25-October-2016]"
}

@misc{atlas,
  author = {Apache},
  title = {{ATLAS: Data Governance and Metadata framework for Hadoop}},
  howpublished =
"\url{http://atlas.incubator.apache.org}",
  year = {2016}, 
  note = "[Online; accessed 25-October-2016]"
}

@misc{elastic,
  author = {Elastic Search},
  title = {{The Open Source Elastic Stack}},
  howpublished =
"\url{https://www.elastic.co/products/elasticsearch}",
  year = {2016}, 
  note = "[Online; accessed 25-October-2016]"
}

@inproceedings{hyperloglog,
 author = {Heule, Stefan and Nunkesser, Marc and Hall, Alexander},
 title = {HyperLogLog in Practice: Algorithmic Engineering of a State of the Art Cardinality Estimation Algorithm},
 booktitle = {Proceedings of the 16th International Conference on Extending Database Technology},
 series = {EDBT '13},
 year = {2013},
 isbn = {978-1-4503-1597-5},
 location = {Genoa, Italy},
 pages = {683--692},
 numpages = {10},
 url = {http://doi.acm.org/10.1145/2452376.2452456},
 doi = {10.1145/2452376.2452456},
 acmid = {2452456},
 publisher = {ACM},
 address = {New York, NY, USA},
}

@inproceedings{Bergamaschi:2011,
 author = {Bergamaschi, Sonia and Domnori, Elton and Guerra, Francesco and Trillo Lado, Raquel and Velegrakis, Yannis},
 title = {Keyword Search over Relational Databases: A Metadata Approach},
 booktitle = {Proceedings of the 2011 ACM SIGMOD International Conference on Management of Data},
 series = {SIGMOD '11},
 year = {2011},
 isbn = {978-1-4503-0661-4},
 location = {Athens, Greece},
 pages = {565--576},
 numpages = {12},
 url = {http://doi.acm.org/10.1145/1989323.1989383},
 doi = {10.1145/1989323.1989383},
 acmid = {1989383},
 publisher = {ACM},
 address = {New York, NY, USA},
 keywords = {intensional knowledge, metadata, relational databases, semantic keyword search},
}

@inproceedings{BalminHKPSW03,
  author    = {Andrey Balmin and
               Vagelis Hristidis and
                others},

  title     = {{A System for Keyword Proximity Search on {XML} Databases}},
  booktitle = {{VLDB}},
  year      = {2003}
}

@inproceedings{discover,
 author = {Hristidis, Vagelis and Papakonstantinou, Yannis},
 title = {{Discover: Keyword Search in Relational Databases}},
 booktitle = {VLDB},
 year = {2002}
} 

@inproceedings{infogather,
 author = {Yakout, Mohamed and Ganjam, Kris and others},
 title = {{InfoGather: Entity Augmentation and Attribute Discovery by Holistic
Matching with Web Tables}},
 booktitle = {SIGMOD},
 year = {2012}
} 

@Article{inchi,
author="Heller, Stephen
and McNaught, Alan
and Stein, Stephen
and Tchekhovskoi, Dmitrii
and Pletnev, Igor",
title="InChI - the worldwide chemical structure identifier standard",
journal="Journal of Cheminformatics",
year="2013",
volume="5",
number="1",
pages="7",
abstract="Since its public introduction in 2005 the IUPAC InChI chemical structure identifier standard has become the international, worldwide standard for defined chemical structures. This article will describe the extensive use and dissemination of the InChI and InChIKey structure representations by and for the world-wide chemistry community, the chemical information community, and major publishers and disseminators of chemical and related scientific offerings in manuscripts and databases.",
issn="1758-2946",
doi="10.1186/1758-2946-5-7",
url="http://dx.doi.org/10.1186/1758-2946-5-7"
}

@inproceedings{schemafreesql,
 author = {Li, Fei and Pan, Tianyin and Jagadish, Hosagrahar V.},
 title = {{Schema-free SQL}},
 booktitle = {Proceedings of the 2014 ACM SIGMOD International Conference on
Management of Data},
 series = {SIGMOD '14},
 year = {2014},
 isbn = {978-1-4503-2376-5},
 location = {Snowbird, Utah, USA},
 pages = {1051--1062},
 numpages = {12},
 url = {http://doi.acm.org/10.1145/2588555.2588571},
 doi = {10.1145/2588555.2588571},
 acmid = {2588571},
 publisher = {ACM},
 address = {New York, NY, USA},
 keywords = {query language, relational databases, usability},
} 

@article{bindingdb,
author = {Liu, Tiqing and Lin, Yuhmei and Wen, Xin and Jorissen, Robert N. and Gilson, Michael K.}, 
title = {BindingDB: a web-accessible database of experimentally determined protein–ligand binding affinities},
volume = {35}, 
number = {suppl 1}, 
pages = {D198-D201}, 
year = {2007}, 
doi = {10.1093/nar/gkl999}, 
URL = {http://nar.oxfordjournals.org/content/35/suppl_1/D198.abstract}, 
eprint = {http://nar.oxfordjournals.org/content/35/suppl_1/D198.full.pdf+html}, 
journal = {Nucleic Acids Research} 
}

@inproceedings{panther,
 author = {Zhang, Jing and Tang, Jie and Ma, Cong and Tong, Hanghang and Jing, Yu and Li, Juanzi},
 title = {Panther: Fast Top-k Similarity Search on Large Networks},
 booktitle = {Proceedings of the 21th ACM SIGKDD International Conference on Knowledge Discovery and Data Mining},
 series = {KDD '15},
 year = {2015},
 isbn = {978-1-4503-3664-2},
 location = {Sydney, NSW, Australia},
 pages = {1445--1454},
 numpages = {10},
 url = {http://doi.acm.org/10.1145/2783258.2783267},
 doi = {10.1145/2783258.2783267},
 acmid = {2783267},
 publisher = {ACM},
 address = {New York, NY, USA},
 keywords = {random path, social network, vertex similarity},
}

@article{powerpivot,
 author = {Chen, Zhimin and Narasayya, Vivek and Chaudhuri, Surajit},
 title = {Fast Foreign-key Detection in Microsoft SQL Server PowerPivot for Excel},
 journal = {Proc. VLDB Endow.},
 issue_date = {August 2014},
 volume = {7},
 number = {13},
 month = aug,
 year = {2014},
 issn = {2150-8097},
 pages = {1417--1428},
 numpages = {12},
 url = {http://dx.doi.org/10.14778/2733004.2733014},
 doi = {10.14778/2733004.2733014},
 acmid = {2733014},
 publisher = {VLDB Endowment},
}

@inproceedings{Tedi,
 author = {Wei, Fang},
 title = {TEDI: Efficient Shortest Path Query Answering on Graphs},
 booktitle = {Proceedings of the 2010 ACM SIGMOD International Conference on Management of Data},
 series = {SIGMOD '10},
 year = {2010},
 isbn = {978-1-4503-0032-2},
 location = {Indianapolis, Indiana, USA},
 pages = {99--110},
 numpages = {12},
 url = {http://doi.acm.org/10.1145/1807167.1807181},
 doi = {10.1145/1807167.1807181},
 acmid = {1807181},
 publisher = {ACM},
 address = {New York, NY, USA},
 keywords = {graphs, indexing, shortest path, tree decomposition},
} 


@article{hciinteractivity,
 author = {Tolia, Niraj and Andersen, David G. and Satyanarayanan, M.},
 title = {Quantifying Interactive User Experience on Thin Clients},
 journal = {Computer},
 issue_date = {March 2006},
 volume = {39},
 number = {3},
 month = mar,
 year = {2006},
 issn = {0018-9162},
 pages = {46--52},
 numpages = {7},
 url = {http://dx.doi.org/10.1109/MC.2006.101},
 doi = {10.1109/MC.2006.101},
 acmid = {1128640},
 publisher = {IEEE Computer Society Press},
 address = {Los Alamitos, CA, USA},
 keywords = {Mobile devices, Stateless thick clients, Thin-client computing, Thin-client computing, Stateless thick clients, Mobile devices},
}

@article{kidatabase,
title = "The multiplicity of serotonin receptors: Uselessly diverse molecules or an embarrassment of riches?",
keywords = "Antidepressant, Antipsychotic, Clozapine, Fluoxetine, Serotonin receptors",
author = "Roth, {Bryan L.} and Estelle Lopez and Shamil Patel and Kroeze, {Wesley K.}",
year = "2000",
month = "8",
volume = "6",
pages = "252--262",
journal = "Neuroscientist",
issn = "1073-8584",
publisher = "SAGE Publications Inc.",
number = "4",
}

@article{chebi,
author = {Hastings, Janna and de Matos, Paula and Dekker, Adriano and Ennis, Marcus and Harsha, Bhavana and Kale, Namrata and Muthukrishnan, Venkatesh and Owen, Gareth and Turner, Steve and Williams, Mark and Steinbeck, Christoph}, 
title = {The ChEBI reference database and ontology for biologically relevant chemistry: enhancements for 2013},
year = {2012}, 
doi = {10.1093/nar/gks1146}, 
URL = {http://nar.oxfordjournals.org/content/early/2012/11/23/nar.gks1146.abstract}, 
eprint = {http://nar.oxfordjournals.org/content/early/2012/11/23/nar.gks1146.full.pdf+html}, 
journal = {Nucleic Acids Research} 
}

@article{drugbank,
  added-at = {2008-01-23T00:00:00.000+0100},
  author = {Wishart, David S. and Knox, Craig and Guo, Anchi and Cheng, Dean and Shrivastava, Savita and Tzur, Dan and Gautam, Bijaya and Hassanali, Murtaza},
  biburl = {https://www.bibsonomy.org/bibtex/20b2ba18e5af1d9f915faebb1a7655e85/dblp},
  date = {2008-01-23},
  description = {dblp},
  ee = {http://dx.doi.org/10.1093/nar/gkm958},
  interhash = {fbdc3cbde6de4de82337fba87242a219},
  intrahash = {0b2ba18e5af1d9f915faebb1a7655e85},
  journal = {Nucleic Acids Research},
  keywords = {dblp},
  number = {Database-Issue},
  pages = {901-906},
  timestamp = {2008-01-24T11:07:46.000+0100},
  title = {DrugBank: a knowledgebase for drugs, drug actions and drug targets.},
  url = {http://dblp.uni-trier.de/db/journals/nar/nar36.html#WishartKGCSTGH08},
  volume = 36,
  year = 2008
}



@Article{chembl,
author="Willighagen, Egon L.
and Waagmeester, Andra
and Spjuth, Ola
and Ansell, Peter
and Williams, Antony J.
and Tkachenko, Valery
and Hastings, Janna
and Chen, Bin
and Wild, David J.",
title="The ChEMBL database as linked open data",
journal="Journal of Cheminformatics",
year="2013",
volume="5",
number="1",
pages="23",
abstract="Making data available as Linked Data using Resource Description Framework (RDF) promotes integration with other web resources. RDF documents can natively link to related data, and others can link back using Uniform Resource Identifiers (URIs). RDF makes the data machine-readable and uses extensible vocabularies for additional information, making it easier to scale up inference and data analysis.",
issn="1758-2946",
doi="10.1186/1758-2946-5-23",
url="http://dx.doi.org/10.1186/1758-2946-5-23"
}

@inproceedings{minhash,
 author = {Charikar, Moses S.},
 title = {Similarity Estimation Techniques from Rounding Algorithms},
 booktitle = {Proceedings of the Thiry-fourth Annual ACM Symposium on Theory of Computing},
 series = {STOC '02},
 year = {2002},
 isbn = {1-58113-495-9},
 location = {Montreal, Quebec, Canada},
 pages = {380--388},
 numpages = {9},
 url = {http://doi.acm.org/10.1145/509907.509965},
 doi = {10.1145/509907.509965},
 acmid = {509965},
 publisher = {ACM},
 address = {New York, NY, USA},
} 

@inproceedings{lshbanding,
  title={LSH banding for large-scale retrieval with memory and recall constraints},
  author={Michele Covell and Shumeet Baluja},
  booktitle={ICASSP},
  year={2009}
}
@article{smiles,
author = {Weininger, David},
title = {SMILES, a chemical language and information system. 1. Introduction to methodology and encoding rules},
journal = {Journal of Chemical Information and Computer Sciences},
volume = {28},
number = {1},
pages = {31-36},
year = {1988},
doi = {10.1021/ci00057a005},

URL = { 
        http://dx.doi.org/10.1021/ci00057a005
    
},
eprint = { 
        http://dx.doi.org/10.1021/ci00057a005
    
}

}

@article{lsh,
 author = {Andoni, Alexandr and Indyk, Piotr},
 title = {Near-optimal Hashing Algorithms for Approximate Nearest Neighbor in High Dimensions},
 journal = {Commun. ACM},
 issue_date = {January 2008},
 volume = {51},
 number = {1},
 month = jan,
 year = {2008},
 issn = {0001-0782},
 pages = {117--122},
 numpages = {6},
 url = {http://doi.acm.org/10.1145/1327452.1327494},
 doi = {10.1145/1327452.1327494},
 acmid = {1327494},
 publisher = {ACM},
 address = {New York, NY, USA},
}

@article{octopus,
 author = {Cafarella, Michael J. and Halevy, Alon and Khoussainova, Nodira},
 title = {Data Integration for the Relational Web},
 journal = {Proc. VLDB Endow.},
 issue_date = {August 2009},
 volume = {2},
 number = {1},
 month = aug,
 year = {2009},
 issn = {2150-8097},
 pages = {1090--1101},
 numpages = {12},
 url = {http://dx.doi.org/10.14778/1687627.1687750},
 doi = {10.14778/1687627.1687750},
 acmid = {1687750},
 publisher = {VLDB Endowment},
}

@article{Cormode:2012,
 author = {Cormode, Graham and Garofalakis, Minos and Haas, Peter J. and Jermaine, Chris},
 title = {Synopses for Massive Data: Samples, Histograms, Wavelets, Sketches},
 journal = {Found. Trends databases},
 issue_date = {January 2012},
 volume = {4},
 number = {1\&\#8211;3},
 month = jan,
 year = {2012},
 issn = {1931-7883},
 pages = {1--294},
 numpages = {294},
 url = {http://dx.doi.org/10.1561/1900000004},
 doi = {10.1561/1900000004},
 acmid = {2344401},
 publisher = {Now Publishers Inc.},
 address = {Hanover, MA, USA},
}

@inproceedings{goods,
 author = {Halevy, Alon and Korn, Flip and others},
 title = {{Goods: Organizing Google's Datasets}},
 booktitle = {SIGMOD},
 year = {2016}
} 

@article{baroque,
 author = {Motro, Amihai},
 title = {BAROQUE: A Browser for Relational Databases},
 journal = {ACM Trans. Inf. Syst.},
 issue_date = {April 1986},
 volume = {4},
 number = {2},
 month = apr,
 year = {1986},
 issn = {1046-8188},
 pages = {164--181},
 numpages = {18},
 url = {http://doi.acm.org/10.1145/6168.6172},
 doi = {10.1145/6168.6172},
 acmid = {6172},
 publisher = {ACM},
 address = {New York, NY, USA},
}

@inproceedings{banks,
 author = {Aditya, B. and Bhalotia, Gaurav and others},
 title = {{BANKS: Browsing and Keyword Searching in Relational Databases}},
 booktitle = {VLDB},
 year = {2002}
} 

@inproceedings{DBXplorer,
 author = {Agrawal, Sanjay and Chaudhuri, Surajit and others},
 title = {{DBXplorer: Enabling Keyword Search over Relational Databases}},
 booktitle = {SIGMOD},
 year = {2002}
}

@inproceedings{Abedjan_2016,
  author    = {Ziawasch Abedjan and John Morcos and 
  				
  				Ihab F. Ilyas  and
               Paolo Papotti and
               Mourad Ouzzani and
  				Michael Stonebraker},
  title     = {{DataXFormer}: A Robust Data Transformation System},
  booktitle = {ICDE},
  year      = {2016}

}

@article{HalevyKNOPRW16,
  author    = {Alon Y. Halevy and
               Flip Korn and
               Natalya Fridman Noy and
               Christopher Olston and
               Neoklis Polyzotis and
               Sudip Roy and
               Steven Euijong Whang},
  title     = {Managing Google's data lake: an overview of the Goods system},
  journal   = {{IEEE} Data Eng. Bull.},
  volume    = {39},
  number    = {3},
  pages     = {5--14},
  year      = {2016},
  url       = {http://sites.computer.org/debull/A16sept/p5.pdf},
  timestamp = {Fri, 23 Sep 2016 07:36:26 +0200},
  biburl    = {http://dblp.uni-trier.de/rec/bib/journals/debu/HalevyKNOPRW16},
  bibsource = {dblp computer science bibliography, http://dblp.org}
}

@inproceedings{findingrelatedtables,
 author = {Das Sarma, Anish and Fang, Lujun and others},
 title = {{Finding Related Tables}},
 booktitle = {SIGMOD},
 year = {2012}
} 

@BOOK{bigdataintegration, 
author={Xin Luna Dong and Divesh Srivastava}, 
booktitle={{Big Data Integration}}, 
title={Big Data Integration}, 
year={2015}, 
pages={198-}, 
doi={10.2200/S00578ED1V01Y201404DTM040}, 
publisher={Morgan and Claypool}, 
isbn={9781627052245}, 
url={http://ieeexplore.ieee.org/xpl/articleDetails.jsp?arnumber=7065199},
}

@article{profiling_survey,
author = { Ziawasch Abedjan and Lukasz Golab and Felix Naumann },
title = { Profiling relational data: a survey },
journal = VLDBJ,
year = {2015},
volume = { 24 },
number = { 4 },
pages = { 557-581 }
}

@inproceedings{Ilyas04,
 author = {Ilyas, Ihab F. and Markl, Volker and Haas, Peter and Brown, Paul and Aboulnaga, Ashraf},
 title = {CORDS: Automatic Discovery of Correlations and Soft Functional Dependencies},
 booktitle = {SIGMOD},
 year = {2004},
 isbn = {1-58113-859-8},
 location = {Paris, France},
 pages = {647--658}
}

@inproceedings{Abedjan2014,
  author    = {Ziawasch Abedjan and
               Patrick Schulze and
               Felix Naumann},
  title     = {{DFD:} {E}fficient Functional Dependency Discovery},
  booktitle = CIKM,
  pages     = {949--958},
  year      = {2014}
}

@article{Kruse2016,
  author    = {Sebastian Kruse and
               Thorsten Papenbrock and
               Hazar Harmouch and
               Felix Naumann},
  title     = {Data Anamnesis: Admitting Raw Data into an Organization},
  journal   = {{IEEE} Data Eng. Bull.},
  volume    = {39},
  number    = {2},
  pages     = {8--20},
  year      = {2016},
  url       = {http://sites.computer.org/debull/A16june/p8.pdf},
  timestamp = {Wed, 22 Jun 2016 19:28:38 +0200},
  biburl    = {http://dblp.uni-trier.de/rec/bib/journals/debu/0001PHN16},
  bibsource = {dblp computer science bibliography, http://dblp.org}
}

@article{Zhang:2010,
 author = {Zhang, Meihui and Hadjieleftheriou, Marios and Ooi, Beng Chin and Procopiuc, Cecilia M. and Srivastava, Divesh},
 title = {On Multi-column Foreign Key Discovery},
 journal = {Proc. VLDB Endow.},
 issue_date = {September 2010},
 volume = {3},
 number = {1-2},
 month = sep,
 year = {2010},
 issn = {2150-8097},
 pages = {805--814},
 numpages = {10},
 url = {http://dx.doi.org/10.14778/1920841.1920944},
 doi = {10.14778/1920841.1920944},
 acmid = {1920944},
 publisher = {VLDB Endowment},
}

@article{dataspaces,
 author = {Franklin, Michael and Halevy, Alon and Maier, David},
 title = {{From Databases to Dataspaces: A New Abstraction for Information
Management}},
 journal = {SIGMOD Rec.},
 issue_date = {December 2005},
 volume = {34},
 number = {4},
 month = dec,
 year = {2005},
 issn = {0163-5808},
 pages = {27--33},
 numpages = {7},
 url = {http://doi.acm.org/10.1145/1107499.1107502},
 doi = {10.1145/1107499.1107502},
 acmid = {1107502},
 publisher = {ACM},
 address = {New York, NY, USA},
} 

@article{AgrawalS03,
  author    = {Rakesh Agrawal and
               Ramakrishnan Srikant},
  title     = {Searching with Numbers},
  journal   = {{IEEE} Trans. Knowl. Data Eng.},
  volume    = {15},
  number    = {4},
  pages     = {855--870},
  year      = {2003},
  url       = {http://dx.doi.org/10.1109/TKDE.2003.1209004},
  doi       = {10.1109/TKDE.2003.1209004},
  timestamp = {Tue, 08 Sep 2015 17:31:22 +0200},
  biburl    = {http://dblp.uni-trier.de/rec/bib/journals/tkde/AgrawalS03},
  bibsource = {dblp computer science bibliography, http://dblp.org}
}
@ARTICLE{aredatadocuments, 
author={V. M. Megler and D. Maier}, 
journal={IEEE Transactions on Knowledge and Data Engineering}, 
title={{Are Data Sets Like Documents?: Evaluating Similarity-Based Ranked Search
over Scientific Data}}, 
year={2015}, 
volume={27}, 
number={1}, 
pages={32-45}, 
keywords={Internet;information needs;information retrieval;natural sciences
computing;text analysis;Internet documents;data sets;information
needs;information retrieval-style ranked search;multiterabyte observational
archive;numeric data;scientific data;similarity-based ranked search
evaluation;text-based ranked search;Catalogs;Geospatial analysis;Ocean
temperature;Search problems;Sociology;Statistics;Temperature
distribution;Scientific databases;information retrieval and relevance;similarity
search}, 
doi={10.1109/TKDE.2014.2320737}, 
ISSN={1041-4347}, 
month={Jan},}

@article{randomness,
 author = {Zhang, Meihui and Hadjieleftheriou, Marios and Ooi, Beng Chin and
Procopiuc, Cecilia M. and Srivastava, Divesh},
 title = {On Multi-column Foreign Key Discovery},
 journal = {Proc. VLDB Endow.},
 issue_date = {September 2010},
 volume = {3},
 number = {1-2},
 month = sep,
 year = {2010},
 issn = {2150-8097},
 pages = {805--814},
 numpages = {10},
 url = {http://dx.doi.org/10.14778/1920841.1920944},
 doi = {10.14778/1920841.1920944},
 acmid = {1920944},
 publisher = {VLDB Endowment},
}

@article{whyhow,
 author = {Cheney, James and Chiticariu, Laura and Tan, Wang-Chiew},
 title = {Provenance in Databases: Why, How, and Where},
 journal = {Found. Trends databases},
 issue_date = {April 2009},
 volume = {1},
 number = {4},
 month = apr,
 year = {2009},
 issn = {1931-7883},
 pages = {379--474},
 numpages = {96},
 url = {http://dx.doi.org/10.1561/1900000006},
 doi = {10.1561/1900000006},
 acmid = {1576266},
 publisher = {Now Publishers Inc.},
 address = {Hanover, MA, USA},
} 

@inproceedings{sourceselection,
 author = {Rekatsinas, Theodoros and Dong, Xin Luna and others},
 title = {Finding Quality in Quantity: The Challenge of Discovering Valuable
Sources for Integration},
 series = {CIDR'15},
 year = {2015}
} 

@article{truncatedsvd,
author = {N. Halko and P. G. Martinsson and J. A. Tropp},
title = {Finding Structure with Randomness: Probabilistic Algorithms for
Constructing Approximate Matrix Decompositions},
journal = {SIAM Review},
volume = {53},
number = {2},
pages = {217-288},
year = {2011},
doi = {10.1137/090771806},

URL = { 
        http://dx.doi.org/10.1137/090771806
    
},
eprint = { 
        http://dx.doi.org/10.1137/090771806
    
}

}
